
% Acoustic methods
@inproceedings{Guenther2016:ultrasonic,
author = {Guenther, Thomas and Kroll, Andreas},
booktitle = {Proceedings of the 2016 IEEE Sensors Applications Symposium (SAS)},
doi = {10.1109/SAS.2016.7479830},
pages = {116--121},
publisher = {IEEE},
title = {{Automated detection of compressed air leaks using a scanning ultrasonic sensor system}},
year = {2016}
}

@article{Steckel2014:local,
author = {Steckel, Jan and Peremans, Herbert},
doi = {10.1109/ICSENS.2014.6985178},
journal = {Proceedings of IEEE Sensors},
number = {December},
pages = {1026--1029},
publisher = {IEEE},
title = {Ultrasound-based air leak detection using a random microphone array and spars   e representations},
volume = {2014-Decem},
year = {2014}
}

@article{Eret2012:beamform,
author = {Eret, Petr and Meskell, Craig},
doi = {10.1155/2012/689379},
journal = {Advances in Acoustics and Vibration},
title = {{Microphone arrays as a leakage detection tool in industrial compressed air systems}},
volume = {2012},
year = {2012}
}

@article{Murvay2012:survey,
author = {Murvay, Pal Stefan and Silea, Ioan},
doi = {10.1016/j.jlp.2012.05.010},
journal = {Journal of Loss Prevention in the Process Industries},
number = {6},
pages = {966--973},
publisher = {Elsevier Ltd},
title = {{A survey on gas leak detection and localization techniques}},
url = {http://dx.doi.org/10.1016/j.jlp.2012.05.010},
volume = {25},
year = {2012}
}


% ML
@article{Desmet2017:ad,
author = {Desmet, Antoine and Delore, Matthew},
journal = {Proceedings of the Annual Conference of the Prognostics and Health Management Society, PHM},
pages = {211--220},
title = {{Leak detection in compressed air systems using unsupervised anomaly detection techniques}},
year = {2017}
}

@inproceedings{Schenck2019:airleakslam,
author = {Schenck, Anthony and Daems, Walter and Steckel, Jan},
booktitle = {Proceedings of IEEE Sensors},
doi = {10.1109/SENSORS43011.2019.8956631},
publisher = {IEEE},
title = {{AirleakSlam: Detection of Pressurized Air Leaks Using Passive Ultrasonic Sensors}},
volume = {2019-Octob},
year = {2019}
}




% Background
@book{Radgen.2001,
author = {Radgen, Peter, and Blaustein, Edgar},
year = {2001},
month = {03},
pages = {},
title = {Compressed air systems in the European Union: Energy, emissions, savings potential and policy actions},
isbn = {3932298160}
}

@book{sdt:handbook,
author = {{Ultrasound Solution SDT International}},
address = {Brussels},
edition = {Second},
publisher = {SDT International},
title = {{Leak Surveyors Handbook}},
url = {htttp://www.sdthearmore.com},
}


% ISA / IMA

@INPROCEEDINGS{Zhang2003,
  author={ {Sheng Zhang} and T. {Asakura} and S. {Hayashi}},
  booktitle={Proceedings of the SICE 2003 Annual Conference}, 
  title={Leakage fault detection of pneumatic pipe system using neural networks}, 
  year={2003},
  volume={3},
  number={},
  pages={2482-2487 Vol.3},}

@inproceedings{Cano2017:isa_sound_sep,
address = {Kos Island, Greece},
author = {Cano, Estefan{\'{i}}a and Nowak, Johannes and Grollmisch, Sascha},
booktitle = {2017 24th Eur. Signal Processing Conf.},
keywords = {SMT,abt-md,ima,sound separation},
mendeley-tags = {ima,sound separation},
title = {{Exploring Sound Source Separation for Acoustic Condition Monitoring in Industrial Scenarios}},
year = {2017}
}

@inproceedings{Grollmisch2020:pucks,
address = {N{\"{u}}rnberg},
author = {Grollmisch, Sascha and Johnson, David and Kr{\"{u}}ger, Tobias and Liebetrau, Judith},
booktitle = {Proceedings of the Sensor and Measurement Science International (SMSI) (accepted)},
title = {{Plastic Material Classification using Neural Network based Audio Signal Analysis}},
year = {2020}
}

@inproceedings{Grollmisch2019:isa,
address = {A Coru{\~{n}}a, Spain},
author = {Grollmisch, Sascha and Abe{\ss}er, Jakob and Liebetrau, Judith and Lukashevich, Hanna},
booktitle = {Proceedings of the European Signal Processing Conference (EUSIPCO)},
title = {{Sounding Industry: Challenges and Datasets for Industrial Sound Analysis}},
year = {2019}
}

@inproceedings{Johnson2020:robust,
address = {Amsterdam, The Netherlands},
author = {Johnson, David and Grollmisch, Sascha},
booktitle = {Proceedings of the European Signal Processing Conference (EUSIPCO)},
title = {{Techniques Improving the Robustness of Deep Learning Models for Industrial Sound Analysis}},
year = {2020 Accepted}
}

@inproceedings{Grollmisch2020:embeddings,
address = {Amsterdam, The Netherlands},
author = {Grollmisch, Sascha, and Cano, Estefan√≠a, and Kehling, Christian, and Taenzer, Micheal},
booktitle = {Proceedings of the European Signal Processing Conference (EUSIPCO)},
title = {{Analyzing the Potential of Pre-Trained Embeddings for Audio Classification Tasks}},
year = {2020 Accepted}
}

@inproceedings{Koizumi2019:toyadmos,
  
    author = {Koizumi, Yuma and Saito, Shoichiro and Uematsu, Hisashi and Harada, Noboru and Imoto, Keisuke},
    booktitle = {IEEE WASPAA},
    doi = {10.1109/WASPAA.2019.8937164},
    month = {oct},
    pages = {313--317},
    title = {{ToyADMOS: A Dataset of Miniature-Machine Operating Sounds for Anomalous Sound Detection}},
    year = {2019}
}

@article{Purohit2019:mimii,
author = {Purohit, Harsh and Tanabe, Ryo and Ichige, Kenji and Endo, Takashi and Nikaido, Yuki and Suefusa, Kaori and Kawaguchi, Yohei},
journal = {arXiv:1909.0934},
shorttitle = {MIMII Dataset},
title = {{MIMII Dataset: Sound Dataset for Malfunctioning Industrial Machine Investigation and Inspection}},
url = {http://arxiv.org/abs/1909.09347 internal-pdf://0.0.0.114/1909.html},
year = {2019}
}

% Data Aug
@inproceedings{Zhang2018:mixup,
    title={{mixup: Beyond Empirical Risk Minimization}},
    author={Hongyi Zhang and Moustapha Cisse and Yann N. Dauphin and David Lopez-Paz},
    booktitle={Proceedings of the Sixth International Conference on Learning Representations (ICLR)},
    year={2018}
}

@article{zhong2017randomerase,
  title={Random erasing data augmentation},
  author={Zhong, Zhun and Zheng, Liang and Kang, Guoliang and Li, Shaozi and Yang, Yi},
  journal={arXiv:1708.04896},
  year={2017}
}

@article{Salamon2017,
  author = {Salamon, Justin and Bello, Juan Pablo},
  doi = {10.1109/LSP.2017.2657381},
  journal = {IEEE Signal Processing Letters},
  month = {mar},
  number = {3},
  pages = {279--283},
  title = {{Deep Convolutional Neural Networks and Data Augmentation for Environmental Sound Classification}},
  volume = {24},
  year = {2017}
}

@inproceedings{Park2019:spec_aug,
  title	= {SpecAugment: A Simple Augmentation Method for Automatic Speech Recognition},
  author	= {Daniel S. Park and William Chan and Yu Zhang and Chung-Cheng Chiu and Barret Zoph and Ekin Dogus Cubuk and Quoc V. Le},
  year	= {2019},
  booktitle	= {Proceedings of the 20th Annual Conference of the International Speech Communication Association (INTERSPEECH)}
}


%  Deep Learning
@INPROCEEDINGS{Hershey2017:audiocnn,  
author={S. {Hershey} and S. {Chaudhuri} and D. P. W. {Ellis} and J. F. {Gemmeke} and A. {Jansen} and R. C. {Moore} and M. {Plakal} and D. {Platt} and R. A. {Saurous} and B. {Seybold} and M. {Slaney} and R. J. {Weiss} and K. {Wilson}},  
booktitle={Proceedings of the 2017 IEEE International Conference on Acoustics, Speech and Signal Processing (ICASSP)},   
title={CNN architectures for large-scale audio classification},   year={2017},  
volume={},  
number={},  
pages={131-135}
}

@inproceedings{imagenet2009,
        AUTHOR = {Deng, J. and Dong, W. and Socher, R. and Li, L.-J. and Li, K. and Fei-Fei, L.},
        TITLE = {{ImageNet: A Large-Scale Hierarchical Image Database}},
        BOOKTITLE = {Proceedings of the Conference on Computer Vision and Pattern Recognition (CVPR)},
        YEAR = {2009},
        BIBSOURCE = "http://www.image-net.org/papers/imagenet_cvpr09.bib"
}
        
@inproceedings{Ni2019:amazon,
  title={Justifying Recommendations using Distantly-Labeled Reviews and Fine-Grained Aspects},
  author={Ni, Jianmo and Li, Jiacheng and McAuley, Julian},
  booktitle={Proceedings of the 2019 Conference on Empirical Methods in Natural Language Processing and the 9th International Joint Conference on Natural Language Processing (EMNLP-IJCNLP)},
  pages={188--197},
  year={2019}
}

@article{Lecun2015:deep,
  title={Deep learning},
  author={LeCun, Yann and Bengio, Yoshua and Hinton, Geoffrey},
  journal={Nature},
  volume={521},
  number={7553},
  pages={436--444},
  year={2015},
  publisher={Nature Publishing Group}
}


% JAKOBS ARE BELOW (MAY NEED BETTER ORGANIZATION)



@book{collacott2012mechanical,
  title={Mechanical Fault Diagnosis and condition monitoring},
  author={Collacott, R.},
  isbn={9789400957237},
  url={https://books.google.de/books?id=RGHuCAAAQBAJ},
  year={2012},
  publisher={Springer Netherlands}
}


@article{1779,
 year = {2004},
 title = {{Dichtheitspr{\"u}fung: Kriterien zur Auswahl von Pr{\"u}fmethoden und -verfahren}},
 edition = {1999-10},
 volume = {ICS 19.100},
 number = {EN 1770},
 author = {{Deutsches Institut f{\"u}r Normierung e.V.}}
}


@article{Aim,
 author = {Nowak. S. and Pudenz; K.},
 editor = {https://www.vdmaimpulse.org/},
 year = {2018},
 title = {Systems cry for help when something is wrong},
 journal = {vdmaimpulse.org},
 urldate = {15.10.2018}
}


@book{Bishop.2009,
 author = {Bishop, Christopher M.},
 year = {2009},
 title = {Pattern recognition and machine learning},
 price = {hardback : EUR 75,92},
 address = {New York, NY},
 edition = {Corrected at 8th printing 2009},
 publisher = {Springer},
 isbn = {978-0-387-31073-2},
 series = {Information science and statistics}
}


@article{CEA.2007,
 year = {2007},
 title = {Guide Book: Compressed air energy efficiency reference guide book},
 address = {Canada},
 editor = {{CEA Technologies}}
}


@book{Chen.2007,
 author = {Chen, C. H.},
 year = {2007},
 title = {Ultrasonic and advanced methods for nondestructive testing and material characterization},
 url = {http://search.ebscohost.com/login.aspx?direct=true&scope=site&db=nlebk&db=nlabk&AN=203923},
 address = {Singapore and Hackensack, NJ},
 publisher = {{World Scientific}},
 isbn = {9812704094}
}


@article{EGIG.2008,
 author = {EGIG},
 year = {2008},
 title = {7th EGIG-report 1970-2007 gas pipeline incidents: Tech. rep.}
}


@incollection{EstefaniaCanoJohannesNowakandSaschaGrollmisch.,
 author = {{Estefan{\'i}a Cano, Johannes Nowak, and Sascha Grollmisch}},
 title = {Exploring Sound Source Separation for Acoustic Condition Monitoring in Industrial Scenarios: 25th European Signal Processing Conference : 28 August-2 September 2017, Kos Island, Greece},
 url = {http://ieeexplore.ieee.org/servlet/opac?punumber=8067434}
}



@article{Festo.2018,
 author = {{Festo Vertrieb GmbH {\&} Co. KG}},
 year = {2018},
 title = {{Dokumentation f{\"u}r Drosselventil: GRO-VFFI}},
 url = {https://www.festo.com/cat/de_de/data/doc_de/PDF/DE/GRO-VFFI_DE.PDF},
 address = {Esslingen am Neckar},
 urldate = {11.11.2018},
 edition = {2}
}


@article{FHG.2018,
 author = {Fraunhofer-Gesellschaft},
 year = {2018},
 title = {{Maschinelles Lernen -- Kompetenzen, Anwendungen und Forschungsbedarf}},
 url = {www.bigdata.fraunhofer.de/ml-studie},
 address = {M{\"u}nchen},
 urldate = {19.10.2018},
}


@book{Genuit.2010,
 year = {2010},
 title = {{Sound-Engineering im Automobilbereich: Methoden zur Messung und Auswertung von Ger{\"a}uschen und Schwingungen}},
 url = {http://dx.doi.org/10.1007/978-3-642-01415-4},
 address = {Berlin, Heidelberg},
 publisher = {{Springer-Verlag Berlin Heidelberg}},
 isbn = {3642014151},
 editor = {Genuit, K.},
 doi = {10.1007/978-3-642-01415-4}
}

@misc{hydropumpe,
 author = {freesound.org/people/klankbeeld/},
 year = {2016},
 title = {Industrial Hydraulic Pump},
 url = {https://freesound.org/s/348051/}
}


@article{Ince.2010,
 author = {Ince, N. F. and Kao, C. and Kaveh, M. and Tewfik, A. and Labuz, J. F.},
 year = {2010},
 title = {A Machine Learning Approach for Locating Acoustic Emission},
 pages = {1},
 volume = {2010},
 number = {1},
 journal = {EURASIP Journal on Advances in Signal Processing},
 doi = {10.1155/2010/895486}
}


@article{Kotani.2004,
 author = {Kotani, M. and Katsura, M. and Ozawa, S.},
 year = {2004},
 title = {Detection of gas leakage sound using modular neural networks for unknown environments},
 pages = {427--440},
 volume = {62},
 issn = {09252312},
 journal = {Neurocomputing},
 doi = {10.1016/j.neucom.2004.06.002}
}


@incollection{ltu.luscha,
 author = {Liebetrau, J. and Nowak, J. and Grollmisch, S.},
 title = {{Luftschallbasierte Rissdetektion von Metallteilen}},
 url = {http://2018.daga-tagung.de/},
 pages = {956--959},
 booktitle = {{44. Deutsche Jahrestagung f{\"u}r Akustik}}, 
 address = {M{\"u}nchen},
 year = {2018}
}


@article{MichaelA.Nielsen.2015,
 author = {Nielsen, M. A.},
 editor = {{Determination Press}},
 year = {2015},
 title = {Neural Networks and Deep Learning},
 url = {http://neuralnetworksanddeeplearning.com/},
 urldate = {01.11.2018}
}


@book{Moser.2018,
 year = {2018},
 title = {{Wandler f{\"u}r Luftschallmessungen}},
 url = {http://dx.doi.org/10.1007/978-3-662-57915-2},
 address = {Berlin, Heidelberg},
 publisher = {{Springer Berlin Heidelberg}},
 isbn = {978-3-662-57915-2},
 series = {Fachwissen Technische Akustik},
 editor = {M{\"o}ser, M.},
 doi = {10.1007/978-3-662-57915-2}
}

@incollection{Nowak.,
 author = {Nowak, Johannes and Grollmisch, Sascha and Cano, Estefan{\'i}a and Lukashevich, Hanna and Liebetrau, Judith},
 title = {{St{\"o}rschallunterdr{\"u}ckung bei Luftschallanalysen in industriellen Fertigungsstrecken: 44. Deutsche Jahrestagung f{\"u}r Akustik : 19.-22. M{\"a}rz 2018, M{\"u}nchen}},
 url = {http://2018.daga-tagung.de/}
}

@article{Saidur.2010,
 author = {Saidur, R. and Rahim, N. A. and Hasanuzzaman, M.},
 year = {2010},
 title = {A review on compressed-air energy use and energy savings},
 pages = {1135--1153},
 volume = {14},
 number = {4},
 issn = {13640321},
 journal = {Renewable and Sustainable Energy Reviews},
 doi = {10.1016/j.rser.2009.11.013}
}

@incollection{Schalau.2010,
 author = {Schalau, B. and Gr{\"a}tz, R.},
 title = {{Vergleich von Freistrahlmodellen}},
 pages = {29--35},
 volume = {51.10},
 booktitle = {{T{\"U}: Technische {\"U}berwachung}}
}

@article{Schmidhuber.2015,
 author = {Schmidhuber, J.},
 year = {2015},
 title = {Deep learning in neural networks: an overview},
 pages = {85--117},
 volume = {61},
 journal = {Neural networks : the official journal of the International Neural Network Society},
 doi = {10.1016/j.neunet.2014.09.003}
}


@incollection{Simu,
 author = {{Otto v. Estorff et al.}},
 title = {{Simulation und virtuelle Realit{\"a}t}},
 pages = {501--576},
 publisher = {{Springer-Verlag Berlin Heidelberg}},
 isbn = {3642014151},
 editor = {Genuit, Klaus},
 booktitle = {{Sound-Engineering im Automobilbereich}},
 year = {2010},
 address = {Berlin, Heidelberg}
}


@book{Zeller.2018,
 year = {2018},
 title = {Handbuch Fahrzeugakustik: Grundlagen, Auslegung, Berechnung, Versuch},
 url = {http://dx.doi.org/10.1007/978-3-658-18520-6},
 address = {Wiesbaden},
 edition = {3., aktualisierte Auflage},
 publisher = {{Springer Vieweg}},
 isbn = {9783658185206},
 series = {ATZ / MTZ-Fachbuch},
 editor = {Zeller, P.},
 doi = {10.1007/978-3-658-18520-6}
}

